<?xml version="1.0" encoding="UTF-8" ?>
<collection xmlns:xsi="http://www.w3.org/2001/XMLSchema-instance"
    xsi:schemaLocation="http://www.loc.gov/MARC21/slim
        http://www.loc.gov/standards/marcxml/schema/MARC21slim.xsd"
    xmlns="http://www.loc.gov/MARC21/slim">
<record>
  <leader>00297cam a2200589 i 4500</leader>
  <controlfield tag="001">b12515024</controlfield>
  <controlfield tag="003">LeBAU</controlfield>
  <controlfield tag="005">20181107</controlfield>
  <controlfield tag="008">970711s1937    ua       b    ||1 0 ara d</controlfield>
  <datafield tag="035" ind1=" " ind2=" ">
    <subfield code="a">ocn784368518</subfield>
  </datafield>
  <datafield tag="040" ind1=" " ind2=" ">
    <subfield code="a">LEAUB</subfield>
    <subfield code="b">ara</subfield>
    <subfield code="e">rda</subfield>
    <subfield code="c">LEAUB</subfield>
    <subfield code="d">LEAUB</subfield>
  </datafield>
  <datafield tag="082" ind1="0" ind2="4">
    <subfield code="a">808</subfield>
    <subfield code="2">22</subfield>
  </datafield>
  <datafield tag="100" ind1="0" ind2=" ">
    <subfield code="6">880-01</subfield>
    <subfield code="a">Qudāmah ibn Jaʻfar,</subfield>
    <subfield code="d">-922?</subfield>
    <subfield code="e">author.</subfield>
  </datafield>
  <datafield tag="240" ind1="1" ind2="0">
    <subfield code="6">880-02</subfield>
    <subfield code="a">al-Burhān fī wujūh al-bayān</subfield>
  </datafield>
  <datafield tag="245" ind1="1" ind2="0">
    <subfield code="6">880-03</subfield>
    <subfield code="a">Kitāb Naqd al-nathr /</subfield>
    <subfield code="c">lii-Abī al-Faraj Qudāmah ibn Jaʻfar al-kātib al-Baghdādī ; ḥaqqaqahu wa-ʻallaqa ḥawāshīh al-Duktūr Ṭāhā Ḥusayn Bik, ʻamīd Kullīyat al-Ādāb bi-al-Jāmiʻah al-Miṣrīyah, wa-ʻAbd al-Ḥamīd al-ʻAbbādī, al-ustadh bi-Kullīyat al-Ādāb bi-al-Jāmiʻah al-Miṣrīyah.</subfield>
  </datafield>
  <datafield tag="246" ind1="3" ind2="0">
    <subfield code="6">880-04</subfield>
    <subfield code="a">Naqd al-nathr</subfield>
  </datafield>
  <datafield tag="250" ind1=" " ind2=" ">
    <subfield code="6">880-05</subfield>
    <subfield code="a">al-Ṭabʻah al-thānīyah.</subfield>
  </datafield>
  <datafield tag="264" ind1=" " ind2="1">
    <subfield code="6">880-06</subfield>
    <subfield code="a">al-Qāhirah :</subfield>
    <subfield code="b">Lajnat al-Taʼlīf wa-al-Tarjamah wa-al-Nashr,</subfield>
    <subfield code="c">1356 H. = 1937 M.</subfield>
  </datafield>
  <datafield tag="300" ind1=" " ind2=" ">
    <subfield code="6">880-07</subfield>
    <subfield code="a">153 pages ;</subfield>
    <subfield code="c">23 cm</subfield>
  </datafield>
  <datafield tag="336" ind1=" " ind2=" ">
    <subfield code="a">text</subfield>
    <subfield code="b">txt</subfield>
    <subfield code="2">rdacontent</subfield>
  </datafield>
  <datafield tag="337" ind1=" " ind2=" ">
    <subfield code="a">unmediated</subfield>
    <subfield code="b">n</subfield>
    <subfield code="2">rdamedia</subfield>
  </datafield>
  <datafield tag="338" ind1=" " ind2=" ">
    <subfield code="a">volume</subfield>
    <subfield code="b">nc</subfield>
    <subfield code="2">rdacarrier</subfield>
  </datafield>
  <datafield tag="500" ind1=" " ind2=" ">
    <subfield code="a">لقد نسب العبادي هذا العمل الى قدامة ابن جعفر، أما أحمد مطلوب وخديجة الحديثي قد نسبوه الى ابو الحسين اسحق بن ابراهيم الكاتب إستنادا الى مخطوطة اكتشفت لاحقا بعنوان البرهان في وجوه البيان.</subfield>
  </datafield>
  <datafield tag="504" ind1=" " ind2=" ">
    <subfield code="a">يتضمن مراجع ببليوغرافية وكشاف.</subfield>
  </datafield>
  <datafield tag="650" ind1=" " ind2="4">
    <subfield code="a">اللغة العربية</subfield>
    <subfield code="x">البلاغة</subfield>
    <subfield code="v">اعمال قديمة حتى 1800.</subfield>
  </datafield>
  <datafield tag="650" ind1=" " ind2="4">
    <subfield code="a">علم البيان</subfield>
    <subfield code="v">أعمال قديمة حتى 1800.</subfield>
  </datafield>
  <datafield tag="650" ind1=" " ind2="4">
    <subfield code="a">الأدب النثري العربي</subfield>
    <subfield code="x">تاريخ ونقد.</subfield>
  </datafield>
  <datafield tag="650" ind1=" " ind2="0">
    <subfield code="a">Diction</subfield>
    <subfield code="v">Early works to 1800.</subfield>
  </datafield>
  <datafield tag="650" ind1=" " ind2="0">
    <subfield code="a">Arabic language</subfield>
    <subfield code="x">Rhetoric</subfield>
    <subfield code="v">Early works to 1800.</subfield>
  </datafield>
  <datafield tag="650" ind1=" " ind2="0">
    <subfield code="a">Arabic prose literature</subfield>
    <subfield code="x">History and criticism.</subfield>
  </datafield>
  <datafield tag="700" ind1="1" ind2=" ">
    <subfield code="6">880-08</subfield>
    <subfield code="a">Ḥusayn, Ṭāhā,</subfield>
    <subfield code="d">1889-1973,</subfield>
    <subfield code="e">annotator.</subfield>
  </datafield>
  <datafield tag="700" ind1="1" ind2=" ">
    <subfield code="6">880-09</subfield>
    <subfield code="a">ʻAbbādī, ʻAbd al-Ḥamīd,</subfield>
    <subfield code="e">annotator.</subfield>
  </datafield>
  <datafield tag="773" ind1="0" ind2=" ">
    <subfield code="6">880-10</subfield>
    <subfield code="a">Kātib, Isḥāq ibn Ibrāhīm.</subfield>
    <subfield code="t">Burhān fī wujūh al-bayān.</subfield>
    <subfield code="d">Baghdād : Maṭbaʻat al-ʻĀnī, [1967]</subfield>
    <subfield code="w">(OCoLC)784369512</subfield>
    <subfield code="w">(OCoLC)784369512</subfield>
  </datafield>
  <datafield tag="775" ind1="0" ind2="8">
    <subfield code="6">880-11</subfield>
    <subfield code="i">has designation of edition</subfield>
    <subfield code="4">http://rdaregistry.info/Elements/m/P30133 :</subfield>
    <subfield code="t">Kitāb naqd al-nathr.</subfield>
    <subfield code="d">al-Qāhirah :  al-Qāhirah : Dār al-Kutub al-Miṣrīyah, 1351 H. = 1933 M.</subfield>
    <subfield code="w">(OCoLC)784368463</subfield>
    <subfield code="w">(OCoLC)784368463</subfield>
  </datafield>
  <datafield tag="787" ind1="0" ind2=" ">
    <subfield code="6">880-12</subfield>
    <subfield code="i">has note on statement of responsibility</subfield>
    <subfield code="4">http://rdaregistry.info/Elements/m/P30057 :</subfield>
    <subfield code="a">Kātib, Isḥāq ibn Ibrāhīm.</subfield>
    <subfield code="t">Burhān fī wujūh al-bayān.</subfield>
    <subfield code="d">Baghdād : Maṭbaʻat al-ʻĀnī, [1967]</subfield>
    <subfield code="w">(OCoLC)784369512</subfield>
    <subfield code="w">(OCoLC)784369512</subfield>
  </datafield>
  <datafield tag="852" ind1=" " ind2=" ">
    <subfield code="a">Jafet Library</subfield>
    <subfield code="e">American University of Beirut, Bliss Street , Beirut, Lebanon.</subfield>
  </datafield>
  <datafield tag="880" ind1="0" ind2=" ">
    <subfield code="6">100-01/(3/r</subfield>
    <subfield code="a">قدامة بن جعفر،</subfield>
    <subfield code="d">-922؟،</subfield>
    <subfield code="e">مؤلف. </subfield>
    <subfield code="4">aut.</subfield>
  </datafield>
  <datafield tag="880" ind1="1" ind2="3">
    <subfield code="6">240-02/(3/r</subfield>
    <subfield code="a">البرهان في وجوه البيان</subfield>
  </datafield>
  <datafield tag="880" ind1="1" ind2="0">
    <subfield code="6">245-03/(3/r</subfield>
    <subfield code="a">كتاب نقد النثر /</subfield>
    <subfield code="c">لأبي الفرج قدامة بن جعفر الكاتب البغدادي ؛ حققه وعلق حواشيه الدكتور طه حسين بك، عميد كلية الآداب بالجامعة المصرية، وعبد الحميد العبادي، الأستاذ بكلية الآداب بالجامعة المصرية.</subfield>
  </datafield>
  <datafield tag="880" ind1="3" ind2="0">
    <subfield code="6">246-04/(3/r</subfield>
    <subfield code="a">نقد النثر</subfield>
  </datafield>
  <datafield tag="880" ind1=" " ind2=" ">
    <subfield code="6">250-05/(3/r</subfield>
    <subfield code="a">الطبعة الثانية.</subfield>
  </datafield>
  <datafield tag="880" ind1=" " ind2="1">
    <subfield code="6">264-06/(3/r</subfield>
    <subfield code="a">القاهرة :</subfield>
    <subfield code="b">لجنة التأليف والترجمة والنشر،</subfield>
    <subfield code="c">1356 هـ. = 1937 م.</subfield>
  </datafield>
  <datafield tag="880" ind1=" " ind2=" ">
    <subfield code="6">300-07/(3/r</subfield>
    <subfield code="a">153 صفحة ؛</subfield>
    <subfield code="c">23 سم</subfield>
  </datafield>
  <datafield tag="880" ind1="1" ind2=" ">
    <subfield code="6">700-08/(3/r</subfield>
    <subfield code="a">حسين، طه،</subfield>
    <subfield code="d">1889-1973،</subfield>
    <subfield code="e">محقق. </subfield>
    <subfield code="4">ann.</subfield>
  </datafield>
  <datafield tag="880" ind1="1" ind2=" ">
    <subfield code="6">700-09/(3/r</subfield>
    <subfield code="a">العبادي، عبد الحميد،</subfield>
    <subfield code="e">محقق. </subfield>
    <subfield code="4">ann.</subfield>
  </datafield>
  <datafield tag="880" ind1="0" ind2=" ">
    <subfield code="6">773-10/(3/r</subfield>
    <subfield code="a">الكاتب، اسحاق بن ابراهيم.</subfield>
    <subfield code="t">البرهان في وجوه البيان.</subfield>
    <subfield code="d">بغداد : مطبعة العاني، [1967]</subfield>
    <subfield code="w">b12515747</subfield>
    <subfield code="w">(OCoLC)784369512</subfield>
  </datafield>
  <datafield tag="880" ind1="0" ind2="8">
    <subfield code="6">775-11/(3/r</subfield>
    <subfield code="i">دلالة على الطبعة</subfield>
    <subfield code="4">http://rdaregistry.info/Elements/m/P30133 :</subfield>
    <subfield code="t">كتاب نقد النثر.</subfield>
    <subfield code="d">القاهرة : دار الكتب المصرية، 1351 هـ. = 1933 م.</subfield>
    <subfield code="w">b12514962</subfield>
    <subfield code="w">(OCoLC)784368463</subfield>
  </datafield>
  <datafield tag="880" ind1="0" ind2=" ">
    <subfield code="6">787-12/(3/r</subfield>
    <subfield code="i">ملاحظة على بيان المسؤولية</subfield>
    <subfield code="4">http://rdaregistry.info/Elements/m/P30057 :</subfield>
    <subfield code="a">الكاتب، اسحاق بن ابراهيم.</subfield>
    <subfield code="t">البرهان في وجوه البيان.</subfield>
    <subfield code="d">بغداد : مطبعة العاني، [1967]</subfield>
    <subfield code="w">b12515747</subfield>
    <subfield code="w">(OCoLC)784369512</subfield>
  </datafield>
  <datafield tag="907" ind1=" " ind2=" ">
    <subfield code="a">.b12515024</subfield>
    <subfield code="b">18-11-07</subfield>
    <subfield code="c">11-05-24</subfield>
  </datafield>
  <datafield tag="907" ind1=" " ind2=" ">
    <subfield code="a">.b12515024</subfield>
    <subfield code="b">11-10-11</subfield>
    <subfield code="c">11-05-24</subfield>
  </datafield>
  <datafield tag="945" ind1=" " ind2=" ">
    <subfield code="f">J</subfield>
    <subfield code="a">808:Q672naA:c.1</subfield>
    <subfield code="i">01030921</subfield>
    <subfield code="j">.i13012587</subfield>
    <subfield code="l">u0503</subfield>
  </datafield>
  <datafield tag="998" ind1=" " ind2=" ">
    <subfield code="a">u05</subfield>
    <subfield code="b">97-07-11</subfield>
    <subfield code="c">m</subfield>
    <subfield code="d">a  </subfield>
    <subfield code="e">-</subfield>
    <subfield code="f">ara</subfield>
    <subfield code="g">ua </subfield>
    <subfield code="h">0</subfield>
    <subfield code="i">1</subfield>
  </datafield>
</record>
</collection>
